@Inbook{Salgado2016,
author="Salgado, C{\'a}tia M.
and Azevedo, Carlos
and Proen{\c{c}}a, Hugo
and Vieira, Susana M.",
title="Noise Versus Outliers",
bookTitle="Secondary Analysis of Electronic Health Records",
year="2016",
publisher="Springer International Publishing",
address="Cham",
pages="163--183",
abstract="In this chapter, the reader will learn about methods for identifying outliers in a dataset, and how different methods can be compared.",
isbn="978-3-319-43742-2",
doi="10.1007/978-3-319-43742-2_14",
url="https://doi.org/10.1007/978-3-319-43742-2_14"
}
@misc{btriangle,
  author = {Wikipedia},
  title = {{Bells Triangle}},
  howpublished = "\url{https://en.wikipedia.org/wiki/Bell\_triangle}", 
}
@misc{tfidf,
  author = {Wikipedia},
  title = {{TF-IDF Transformation}},
  howpublished = "\url{https://en.wikipedia.org/wiki/Tf\%E2\%80\%93idf}", 
}
@misc{jaccard,
  author = {LearnDataSci},
  title = {{Jaccard Similarity}},
  howpublished = "\url{https://www.learndatasci.com/glossary/jaccard-similarity/\#:~:text=The\%20Jaccard\%20similarity\%20measures\%20the,of\%20observations\%20in\%20either\%20set.}", 
}
@misc{genome,
  author = {UCL},
  title = {{Finding Shared Gene Species}},
  howpublished = "\url{https://blogs.ucl.ac.uk/gee-research/2015/05/07/finding-shared-genes-species/}", 
}
@misc{smc,
  author = {Wikipedia},
  title = {{Simple Matching Coefficient}},
  howpublished = "\url{https://en.wikipedia.org/wiki/Simple\_matching\_coefficient\#:~:text=The\%20simple\%20matching\%20coefficient\%20(SMC,and\%20diversity\%20of\%20sample\%20sets.\&text=value\%201\%2C\%20and-,is\%20the\%20total\%20number\%20of\%20attributes\%20where\%20A\%20has,and\%20B\%20has\%20value\%200.}", 
}
@misc{sequenceAlignment,
  author = {Wikipedia},
  title = {{Sequence Alignment}},
  howpublished = "\url{https://en.wikipedia.org/wiki/Sequence\_alignment}", 
}
@misc{cSimilarity,
  author = {Learndatasci},
  title = {{Cosine Similarity}},
  howpublished = "\url{https://www.learndatasci.com/glossary/cosine-similarity/\#:~:text=The\%20similarity\%20can\%20take\%20values,the\%20cosine\%20similarity\%20is\%201.}", 
}
@misc{pearson,
  author = {Wikipedia},
  title = {{Pearson Correlation Coefficient}},
  howpublished = "\url{https://en.wikipedia.org/wiki/Pearson\_correlation\_coefficient}", 
}
@misc{euclidean,
  author = {Wikipedia},
  title = {{Euclidean Distance}},
  howpublished = "\url{https://en.wikipedia.org/wiki/Euclidean\_distance}", 
}
@misc{metric,
  author = {University Of California, Davies},
  title = {{Metric Properties}},
  howpublished = "\url{https://www.math.ucdavis.edu/~hunter/m125a/intro_analysis_ch7.pdf}", 
}
